<collection xmlns="http://www.loc.gov/MARC21/slim">
   <record>
      <leader>01791cam a2200385 a 45 0</leader>
      <controlfield tag="001">6714287</controlfield>
      <controlfield tag="003">OCoLC</controlfield>
      <controlfield tag="005">20150326162451.0</controlfield>
      <controlfield tag="008">140519s2015    njua          001 0 eng d</controlfield>
      <datafield ind1=" " ind2=" " tag="020">
         <subfield code="a">1118940040</subfield>
      </datafield>
      <datafield ind1=" " ind2=" " tag="020">
         <subfield code="a">9781118940044</subfield>
      </datafield>
      <datafield ind1=" " ind2=" " tag="040">
         <subfield code="a">YDXCP</subfield>
         <subfield code="b">eng</subfield>
         <subfield code="c">YDXCP</subfield>
         <subfield code="d">BDX</subfield>
         <subfield code="d">OCLCQ</subfield>
         <subfield code="d">BTCTA</subfield>
         <subfield code="d">IMR</subfield>
         <subfield code="d">OCLCQ</subfield>
         <subfield code="d">OCLCF</subfield>
      </datafield>
      <datafield ind1=" " ind2="4" tag="050">
         <subfield code="a">QD33.2</subfield>
         <subfield code="b">.C49 2015</subfield>
      </datafield>
      <datafield ind1="0" ind2="4" tag="082">
         <subfield code="a">540</subfield>
         <subfield code="2">23</subfield>
      </datafield>
      <datafield ind1=" " ind2=" " tag="090">
         <subfield code="a">QD 33.2 C49 2015</subfield>
         <subfield code="b">AGPC</subfield>
      </datafield>
      <datafield ind1="1" ind2=" " tag="100">
         <subfield code="a">Mikulecky, Peter</subfield>
         <subfield code="q">(Peter J.),</subfield>
         <subfield code="e">author.</subfield>
         <subfield code="0">http://id.loc.gov/authorities/names/no2009007074</subfield>
         <subfield code="0">http://viaf.org/viaf/88322847</subfield>
      </datafield>
      <datafield ind1="1" ind2="0" tag="245">
         <subfield code="a">Chemistry workbook for dummies /</subfield>
         <subfield code="c">by Peter J. Mikulecky, PhD, and Christopher Hren.</subfield>
      </datafield>
      <datafield ind1=" " ind2=" " tag="250">
         <subfield code="a">2nd ed.</subfield>
      </datafield>
      <datafield ind1=" " ind2=" " tag="260">
         <subfield code="a">Hoboken NJ :</subfield>
         <subfield code="b">John Wiley,</subfield>
         <subfield code="c">©2015.</subfield>
      </datafield>
      <datafield ind1=" " ind2=" " tag="300">
         <subfield code="a">viii, 302 pages :</subfield>
         <subfield code="b">bill. ;</subfield>
         <subfield code="c">28 cm.</subfield>
      </datafield>
      <datafield ind1=" " ind2=" " tag="336">
         <subfield code="a">text</subfield>
         <subfield code="b">txt</subfield>
         <subfield code="2">rdacontent</subfield>
         <subfield code="0">http://id.loc.gov/vocabulary/contentTypes/txt</subfield>
      </datafield>
      <datafield ind1=" " ind2=" " tag="337">
         <subfield code="a">unmediated</subfield>
         <subfield code="b">n</subfield>
         <subfield code="2">rdamedia</subfield>
         <subfield code="0">http://id.loc.gov/vocabulary/mediaTypes/n</subfield>
      </datafield>
      <datafield ind1=" " ind2=" " tag="338">
         <subfield code="a">volume</subfield>
         <subfield code="b">nc</subfield>
         <subfield code="2">rdacarrier</subfield>
         <subfield code="0">http://id.loc.gov/vocabulary/carriers/nc</subfield>
      </datafield>
      <datafield ind1="1" ind2=" " tag="490">
         <subfield code="a">--For dummies</subfield>
      </datafield>
      <datafield ind1=" " ind2=" " tag="500">
         <subfield code="a">Previous edition: 2008.</subfield>
      </datafield>
      <datafield ind1=" " ind2=" " tag="500">
         <subfield code="a">Includes index.</subfield>
      </datafield>
      <datafield ind1=" " ind2=" " tag="596">
         <subfield code="a">28</subfield>
      </datafield>
      <datafield ind1=" " ind2="0" tag="650">
         <subfield code="a">Chemistry.</subfield>
         <subfield code="0">http://id.loc.gov/authorities/subjects/sh85022986</subfield>
      </datafield>
      <datafield ind1=" " ind2="0" tag="650">
         <subfield code="a">Chemistry</subfield>
         <subfield code="v">Problems, exercises, etc.</subfield>
         <subfield code="0">http://id.loc.gov/authorities/subjects/sh85023005</subfield>
      </datafield>
      <datafield ind1=" " ind2="0" tag="650">
         <subfield code="a">Chemistry</subfield>
         <subfield code="x">Experiments.</subfield>
         <subfield code="0">http://id.loc.gov/authorities/subjects/sh85022996</subfield>
      </datafield>
      <datafield ind1="1" ind2=" " tag="700">
         <subfield code="a">Hren, Christopher R.</subfield>
         <subfield code="0">http://viaf.org/viaf/54144928030954341945</subfield>
      </datafield>
      <datafield ind1=" " ind2=" " tag="758">
         <subfield code="0">http://worldcat.org/entity/work/id/16442512</subfield>
      </datafield>
      <datafield ind1="0" ind2=" " tag="787">
         <subfield code="n">OCLC Work Id</subfield>
         <subfield code="o">http://worldcat.org/entity/work/id/16442512</subfield>
      </datafield>
      <datafield ind1=" " ind2="0" tag="830">
         <subfield code="a">--For dummies.</subfield>
         <subfield code="0">http://id.loc.gov/authorities/names/n92122684</subfield>
      </datafield>
      <datafield ind1=" " ind2=" " tag="926">
         <subfield code="a">QD 33.2 C49 2015</subfield>
         <subfield code="w">LC</subfield>
         <subfield code="c">1</subfield>
         <subfield code="i">31847001271367</subfield>
         <subfield code="d">5/26/2015</subfield>
         <subfield code="l">ON_SHELF</subfield>
         <subfield code="m">GPRC_GP</subfield>
         <subfield code="p">$150.00</subfield>
         <subfield code="q">1</subfield>
         <subfield code="r">Y</subfield>
         <subfield code="s">Y</subfield>
         <subfield code="t">BOOK</subfield>
         <subfield code="u">10/30/2014</subfield>
      </datafield>
   </record>
</collection>
